<?xml version='1.0'?>
<collection xmlns='http://www.loc.gov/MARC21/slim' xmlns:xsi='http://www.w3.org/2001/XMLSchema-instance' xsi:schemaLocation='http://www.loc.gov/MARC21/slim http://www.loc.gov/standards/marcxml/schema/MARC21slim.xsd'>
<record>
  <leader>01772cms a2200337Ka 4500</leader>
  <controlfield tag='001'>34980277</controlfield>
  <controlfield tag='005'>19970203091832.0</controlfield>
  <controlfield tag='006'>smr p b     0    0</controlfield>
  <controlfield tag='008'>960624c199u9999ilu        e        eng d</controlfield>
  <datafield tag='040' ind1=' ' ind2=' '>
    <subfield code='a'>PSC</subfield>
    <subfield code='b'>eng</subfield>
    <subfield code='c'>PSC</subfield>
    <subfield code='d'>HUL</subfield>
    <subfield code='d'>NOC</subfield>
  </datafield>
  <datafield tag='043' ind1=' ' ind2=' '>
    <subfield code='a'>ee-----</subfield>
  </datafield>
  <datafield tag='245' ind1='0' ind2='0'>
    <subfield code='a'>ABSEES online</subfield>
    <subfield code='h'>[electronic resource].</subfield>
  </datafield>
  <datafield tag='246' ind1='2' ind2=' '>
    <subfield code='a'>American bibliography of Slavic &amp; East European studies online</subfield>
  </datafield>
  <datafield tag='260' ind1=' ' ind2=' '>
    <subfield code='a'>Urbana-Champaign :</subfield>
    <subfield code='b'>Graduate School of Library and Information Science, University of Illinois.</subfield>
  </datafield>
  <datafield tag='310' ind1=' ' ind2=' '>
    <subfield code='a'>File updated monthly</subfield>
  </datafield>
  <datafield tag='336' ind1=' ' ind2=' '>
    <subfield code='a'>text</subfield>
    <subfield code='b'>txt</subfield>
    <subfield code='2'>rdacontent</subfield>
  </datafield>
  <datafield tag='337' ind1=' ' ind2=' '>
    <subfield code='a'>computer</subfield>
    <subfield code='b'>c</subfield>
    <subfield code='2'>rdamedia</subfield>
  </datafield>
  <datafield tag='338' ind1=' ' ind2=' '>
    <subfield code='a'>online resource</subfield>
    <subfield code='b'>cr</subfield>
    <subfield code='2'>rdacarrier</subfield>
  </datafield>
  <datafield tag='500' ind1=' ' ind2=' '>
    <subfield code='a'>&quot;Includes citations for material published since the late 1980s and is updated monthly.&quot;</subfield>
  </datafield>
  <datafield tag='500' ind1=' ' ind2=' '>
    <subfield code='a'>Title from first display screen.</subfield>
  </datafield>
  <datafield tag='550' ind1=' ' ind2=' '>
    <subfield code='a'>&quot;Compiled ... under the auspices of the American Association for the Advancement of Slavic Studies.&quot;</subfield>
  </datafield>
  <datafield tag='580' ind1=' ' ind2=' '>
    <subfield code='a'>Also available in printed form under title: American bibliography of Slavic and East European studies.</subfield>
  </datafield>
  <datafield tag='651' ind1=' ' ind2='0'>
    <subfield code='a'>Europe, Eastern</subfield>
    <subfield code='0'>http://id.loc.gov/authorities/subjects/sh85045765</subfield>
    <subfield code='v'>Bibliography</subfield>
    <subfield code='0'>http://id.loc.gov/authorities/subjects/sh99001362</subfield>
    <subfield code='v'>Periodicals.</subfield>
    <subfield code='0'>http://id.loc.gov/authorities/subjects/sh99001647</subfield>
  </datafield>
  <datafield tag='710' ind1='2' ind2=' '>
    <subfield code='a'>American Association for the Advancement of Slavic Studies.</subfield>
    <subfield code='0'>http://id.loc.gov/authorities/names/n79139496</subfield>
  </datafield>
  <datafield tag='776' ind1='1' ind2=' '>
    <subfield code='t'>American bibliography of Slavic and East European studies</subfield>
    <subfield code='x'>0094-3770</subfield>
    <subfield code='w'>(DLC)  72010922</subfield>
    <subfield code='w'>(OCoLC)1783626</subfield>
  </datafield>
  <datafield tag='856' ind1='4' ind2='0'>
    <subfield code='y'>Full text available via the UNC-Chapel Hill Libraries</subfield>
    <subfield code='u'>http://guides.lib.unc.edu/go.php?c=23608287</subfield>
  </datafield>
  <datafield tag='907' ind1=' ' ind2=' '>
    <subfield code='a'>b2978655</subfield>
  </datafield>
  <datafield tag='999' ind1='0' ind2='0'>
    <subfield code='a'>2004-10-01 00:00:00-04</subfield>
    <subfield code='c'>2004-10-03 08:02:00-04</subfield>
    <subfield code='u'>2020-06-30 10:25:19-04</subfield>
    <subfield code='m'>w</subfield>
  </datafield>
</record>
</collection>
